<?xml version="1.0" encoding="UTF-8"?><collection xmlns="http://www.loc.gov/MARC21/slim"><record><leader>00383nam--2200145-i-4500</leader><controlfield tag="001">000017230</controlfield><controlfield tag="002">20161230</controlfield><controlfield tag="005">20161230201032</controlfield><controlfield tag="008">060222s1000------------r-----000-0-eng-d</controlfield><datafield ind1=" " ind2=" " tag="020"><subfield code="a">929120-1</subfield></datafield><datafield ind1=" " ind2=" " tag="080"><subfield code="a">504(48)</subfield></datafield><datafield ind1=" " ind2=" " tag="100"><subfield code="a">Claes Bernes</subfield></datafield><datafield ind1=" " ind2=" " tag="245"><subfield code="a">The nordic environment - present state, trends and threats</subfield></datafield><datafield ind1=" " ind2=" " tag="260"><subfield code="a">Schmidts Boktryckeri Ab, Helsingborg, 1993</subfield></datafield><datafield ind1=" " ind2=" " tag="852"><subfield code="a">80170</subfield></datafield></record></collection>